@article{morgan2024novel,
  title     = {A novel strain-based bone-fracture healing algorithm is able to predict a range of healing outcomes},
  author    = {Morgan, George T. and Low, Lucas and Ramasamy, Arul and Masouros, Spyros D.},
  journal   = {Frontiers in Bioengineering and Biotechnology},
  volume    = {12},
  pages     = {1477405},
  year      = {2024},
  publisher = {Frontiers Media S.A.},
  doi       = {10.3389/fbioe.2024.1477405},
  url       = {https://doi.org/10.3389/fbioe.2024.1477405}
}

@article{lewis2021finite,
  title     = {Finite Element Analysis of Fracture Fixation},
  author    = {Lewis, Gregory S. and Mischler, Dominic and Wee, Hwabok and Reid, J. Spence and Varga, Peter},
  journal   = {Current Osteoporosis Reports},
  volume    = {19},
  number    = {4},
  pages     = {403--416},
  year      = {2021},
  publisher = {Springer Science+Business Media, LLC},
  doi       = {10.1007/s11914-021-00690-y},
  url       = {https://doi.org/10.1007/s11914-021-00690-y}
}
